@inproceedings{ pfeffer01ibal,
    author = "Avi Pfeffer",
    title = "{IBAL}: A Probabilistic Rational Programming Language",
    booktitle = "{IJCAI}",
    pages = "733-740",
    year = "2001",
    url = "citeseer.ist.psu.edu/pfeffer01ibal.html" }

@book{ jaynes,
  author = "E.T. Jaynes",
  editor = "G. Larry Bretthorst",
  title = "Probability Theory: The Logic of Science",
  publisher = "Cambridge University Press",
  year = "2003" }

@misc{ bacchus03value,
  author = "F. Bacchus and S. Dalmao and T. Pitassi",
  title = "Value elimination: Bayesian inference via backtracking search",
  text = "F. Bacchus, S. Dalmao, and T. Pitassi. Value elimination: Bayesian inference
    via backtracking search. In Uncertainty in Artificial Intelligence (UAI-03),
    2003.",
  year = "2003",
  url = "citeseer.ist.psu.edu/bacchus03value.html" }

@book{ sicp,
  author = "Harold Abelson and Gerald Jay Sussman with Julie Sussman",
  title = "Structure and Interpretation of Computer Programs",
  publisher = "MIT Press",
  year = "1984" }
