@inproceedings{ pfeffer01ibal,
    author = "Avi Pfeffer",
    title = "{IBAL}: A Probabilistic Rational Programming Language",
    booktitle = "{IJCAI}",
    pages = "733-740",
    year = "2001",
    url = "citeseer.ist.psu.edu/pfeffer01ibal.html" }

@book{ jaynes,
  author = "E.T. Jaynes",
  editor = "G. Larry Bretthorst",
  title = "Probability Theory: The Logic of Science",
  publisher = "Cambridge University Press",
  year = "2003" }

@misc{ bacchus03value,
  author = "F. Bacchus and S. Dalmao and T. Pitassi",
  title = "Value elimination: Bayesian inference via backtracking search",
  text = "F. Bacchus, S. Dalmao, and T. Pitassi. Value elimination: Bayesian inference
    via backtracking search. In Uncertainty in Artificial Intelligence (UAI-03),
    2003.",
  year = "2003",
  url = "citeseer.ist.psu.edu/bacchus03value.html" }

@book{ sicp,
  author = "Harold Abelson and Gerald Jay Sussman and Julie Sussman",
  title = "Structure and Interpretation of Computer Programs",
  publisher = "MIT Press",
  year = "1984" }

@TechReport{stallman-sussman-reasoning,
            url ={http://hdl.handle.net/1721.1/6255},
          title ={Forward Reasoning and Dependency Directed Backtracking in
a System for Computer-Aided Circuit Analysis},
         author ={Richard M. Stallman and Gerald J. Sussman},
    institution ={MIT Artificial Intelligence Laboratory},
           year ={1976},
          month ={September},
           type ={AI Memo},
         number ={380}
}

% A Probabilistic Relational Models paper
@article{koller1998pfb,
  title={{Probabilistic frame-based systems}},
  author={Koller, D. and Pfeffer, A.},
  journal={Proc. AAAI},
  volume={98},
  year={1998}
}

% Another Probabilistic Relational Models paper
@article{friedman1999lpr,
  title={{Learning probabilistic relational models}},
  author={Friedman, N. and Getoor, L. and Koller, D. and Pfeffer, A.},
  journal={Proceedings of the Sixteenth International Joint Conference on Artificial Intelligence},
  pages={1300--1309},
  year={1999}
}

@article{milch2005bpm,
  title={{BLOG: Probabilistic models with unknown objects}},
  author={Milch, B. and Marthi, B. and Russell, S. and Sontag, D. and Ong, D.L. and Kolobov, A.},
  journal={Proceedings of the Nineteenth Joint Conference on Artificial Intelligence},
  year={2005}
}

@book{russell1995aim,
  title={{Artificial intelligence: a modern approach}},
  author={Russell, S.J. and Norvig, P.},
  year={1995},
  publisher={Prentice-Hall, Inc. Upper Saddle River, NJ, USA}
}

% Amb reference
@incollection{mccarthy1963bmt,
  title={{A Basis for a Mathematical Theory of Computation}},
  author={McCarthy, J.},
  editor={Braffort, P. and Hirschberg, D.},
  booktitle={Computer Programming and Formal Systems},
  year={1963},
  publisher={North-Holland, Amsterdam}
}

@article{spiegelhalter1994bbi,
  title={{BUGS: Bayesian inference using Gibbs sampling}},
  author={Spiegelhalter, DJ and Thomas, A. and Best, NG and Gilks, WR},
  journal={MRC Biostatistics Unit, Cambridge, England. www. mrc-bsu. cam. ac. uk/bugs},
  year={1994}
}

@article{kelsey1998rra,
  title={{Revised5 Report on the Algorithmic Language Scheme}},
  author={Kelsey, R. and Clinger, W.D. and Rees, J. and others},
  journal={SIGPLAN Notices},
  volume={33},
  number={9},
  pages={26--76},
  year={1998}
}

% Some example uses of probability models
@article{segal2001rpm,
  title={{Rich probabilistic models for gene expression}},
  author={Segal, E. and Taskar, B. and Gasch, A. and Friedman, N. and Koller, D.},
  journal={Bioinformatics},
  volume={17},
  number={Suppl 1},
  pages={S243--52},
  year={2001}
}

@article{oliver2000bcv,
  title={{A Bayesian computer vision system for modeling human interactions}},
  author={Oliver, N.M. and Rosario, B. and Pentland, A.P.},
  journal={IEEE Transactions on Pattern Analysis and Machine Intelligence},
  volume={22},
  number={8},
  pages={831--843},
  year={2000}
}

@book{manning1999fsn,
  title={{Foundations of Statistical Natural Language Processing}},
  author={Manning, C.D. and Sch{\"u}tze, H.},
  year={1999},
  publisher={The MIT Press}
}

@article{sahami1998baf,
  title={{A Bayesian approach to filtering junk e-mail}},
  author={Sahami, M. and Dumais, S. and Heckerman, D. and Horvitz, E.},
  journal={Learning for Text Categorization: Papers from the 1998 Workshop},
  volume={62},
  year={1998},
  publisher={Madison, Wisconsin: AAAI Technical Report WS-98-05}
}

@article{thrun2006pta,
  title={{Probabilistic Terrain Analysis For High-Speed Desert Driving}},
  author={Thrun, S. and Montemerlo, M. and Aron, A.},
  journal={Proc. Robotics Science and Systems, Philadelphia, PA, USA, August},
  pages={16--19},
  year={2006}
}

@article{ramsey2002slc,
  title={{Stochastic lambda calculus and monads of probability distributions}},
  author={Ramsey, N. and Pfeffer, A.},
  journal={Proceedings of the 29th ACM SIGPLAN-SIGACT symposium on Principles of programming languages},
  pages={154--165},
  year={2002},
  publisher={ACM Press New York, NY, USA}
}
